@article{liu2012lock,
	author = {Liu, Yujie and Spear, Michael},
	journal = {ACM SIGPLAN Notices},
	number = {8},
	pages = {323--324},
	publisher = {ACM},
	title = {{A lock-free, array-based priority queue}},
	volume = {47},
	year = {2012}
}

@article{haas2015local,
	author = {Haas, Andreas and Henzinger, Thomas A and Holzer, Andreas and Kirsch, Christoph M and Lippautz, Michael and Payer, Hannes and Sezgin, Ali and Sokolova, Ana and Veith, Helmut},
	journal = {arXiv preprint arXiv:1502.07118},
	title = {{Local Linearizability}},
	year = {2015}
}

@inproceedings{henzinger2013quantitative,
	author = {Henzinger, Thomas A and Kirsch, Christoph M and Payer, Hannes and Sezgin, Ali and Sokolova, Ana},
	booktitle = {{ACM SIGPLAN Notices}},
	number = {1},
	organization = {ACM},
	pages = {317--328},
	title = {{Quantitative relaxation of concurrent data structures}},
	volume = {48},
	year = {2013}
}

@inproceedings{alistarhspraylist,
	author = {Alistarh, Dan and Kopinsky, Justin and Li, Jerry and Shavit, Nir},
	booktitle = {{Proceedings of the 20th ACM SIGPLAN Symposium on Principles and Practice of Parallel Programming}},
	organization = {ACM},
	pages = {11--20},
	title = {{The SprayList: A scalable relaxed priority queue}},
	year = {2015}
}

@article{bayer1972symmetric,
	author = {Bayer, Rudolf},
	journal = {Acta informatica},
	number = {4},
	pages = {290--306},
	publisher = {Springer},
	title = {{Symmetric binary B-trees: Data structure and maintenance algorithms}},
	volume = {1},
	year = {1972}
}

@inproceedings{sundell2003fast,
	author = {Sundell, H{\aa}kan and Tsigas, Philippas},
	booktitle = {{Proceedings of the 17th International Symposium on Parallel and Distributed Processing (IPDPS)}},
	organization = {IEEE},
	pages = {11--pp},
	title = {{Fast and lock-free concurrent priority queues for multi-thread systems}},
	year = {2003}
}

@inproceedings{shavit2000skiplist,
	author = {Shavit, Nir and Lotan, Itay},
	booktitle = {{Proceedings of the 14th International Symposium on Parallel and Distributed Processing (IPDPS)}},
	organization = {IEEE},
	pages = {263--268},
	title = {{Skiplist-based concurrent priority queues}},
	year = {2000}
}

@incollection{linden2013skiplist,
	author = {Lind\'{e}n, Jonatan and Jonsson, Bengt},
	booktitle = {{Principles of Distributed Systems}},
	pages = {206--220},
	publisher = {Springer},
	title = {{A Skiplist-Based Concurrent Priority Queue with Minimal Memory Contention}},
	year = {2013}
}

@article{hunt1996efficient,
	author = {Hunt, Galen C and Michael, Maged M and Parthasarathy, Srinivasan and Scott, Michael L},
	journal = {Information Processing Letters},
	number = {3},
	pages = {151--157},
	publisher = {Elsevier},
	title = {{An efficient algorithm for concurrent priority queue heaps}},
	volume = {60},
	year = {1996}
}

@misc{williams1964algorithm,
	author = {Williams, John William Joseph},
	journal = {Communications of the ACM},
	number = {6},
	pages = {347--348},
	publisher = {ASSOC COMPUTING MACHINERY 1515 BROADWAY, NEW YORK, NY 10036},
	title = {{Algorithm-232-heapsort}},
	volume = {7},
	year = {1964}
}

@inproceedings{passas2011comparing,
	author = {Passas, Stavros and Karlsson, Sven},
	booktitle = {{Fourth Workshop on Programmability Issues for Multi-Core Computers (MULTIPROG 2011)}},
	pages = {78},
	title = {{Comparing the Overhead of Lock-based and Lock-free Implementations of Priority Queues}},
	year = {2011}
}

@techreport{michael1995correction,
	author = {Michael, Maged M and Scott, Michael L},
	institution = {DTIC Document},
	title = {{Correction of a Memory Management Method for Lock-Free Data Structures.}},
	year = {1995}
}

@article{rihani2014multiqueues,
	author = {Rihani, Hamza and Sanders, Peter and Dementiev, Roman},
	journal = {arXiv preprint arXiv:1411.1209},
	title = {{Multiqueues: Simpler, faster, and better relaxed concurrent priority queues}},
	year = {2014}
}

@inproceedings{wimmer2015lock,
	author = {Wimmer, Martin and Gruber, Jakob and Tr\"{a}ff, Jesper Larsson and Tsigas, Philippas},
	booktitle = {{Proceedings of the 20th ACM SIGPLAN Symposium on Principles and Practice of Parallel Programming}},
	organization = {ACM},
	pages = {277--278},
	title = {{The lock-free k-LSM relaxed priority queue}},
	year = {2015}
}

@article{herlihy1990linearizability,
	author = {Herlihy, Maurice P and Wing, Jeannette M},
	journal = {ACM Transactions on Programming Languages and Systems (TOPLAS)},
	number = {3},
	pages = {463--492},
	publisher = {ACM},
	title = {{Linearizability: A correctness condition for concurrent objects}},
	volume = {12},
	year = {1990}
}

@article{cederman2013lock,
	author = {Cederman, Daniel and Gidenstam, Anders and Ha, Phuong and Sundell, H{\aa}kan and Papatriantafilou, Marina and Tsigas, Philippas},
	journal = {arXiv preprint arXiv:1302.2757},
	title = {{Lock-free concurrent data structures}},
	year = {2013}
}

@inproceedings{valois1995lock,
	author = {Valois, John D},
	booktitle = {{Proceedings of the 14th annual ACM symposium on Principles of Distributed Computing (PODC)}},
	organization = {ACM},
	pages = {214--222},
	title = {{Lock-free linked lists using compare-and-swap}},
	year = {1995}
}

@inproceedings{dragicevic2008survey,
	author = {Dragicevic, Kristijan and Bauer, Daniel},
	booktitle = {{Proceedings of the 23rd International Symposium on Parallel and Distributed Processing (IPDPS)}},
	organization = {IEEE},
	pages = {1--6},
	title = {{A survey of concurrent priority queue algorithms}},
	year = {2008}
}

@article{moir2007concurrent,
	author = {Moir, Mark and Shavit, Nir},
	journal = {Handbook of Data Structures and Applications},
	pages = {47--14},
	publisher = {Chapman and Hall/CRC Press},
	title = {{Concurrent data structures}},
	year = {2007}
}

@inproceedings{shavit1999scalable,
	author = {Shavit, Nir and Zemach, Asaph},
	booktitle = {{Proceedings of the 18th ACM Symposium on Principles of Distributed Computing (PODC)}},
	organization = {ACM},
	pages = {113--122},
	title = {{Scalable concurrent priority queue algorithms}},
	year = {1999}
}

@article{pugh1990skip,
	author = {Pugh, William},
	journal = {Communications of the ACM},
	number = {6},
	pages = {668--676},
	publisher = {ACM},
	title = {{Skip lists: a probabilistic alternative to balanced trees}},
	volume = {33},
	year = {1990}
}

@book{herlihy2012art,
	author = {Herlihy, Maurice and Shavit, Nir},
	publisher = {Elsevier},
	title = {{The Art of Multiprocessor Programming, Revised Reprint}},
	year = {2012}
}

@article{lamport1979make,
	author = {Lamport, Leslie},
	journal = {IEEE Transactions on Computers (TC)},
	number = {9},
	pages = {690--691},
	publisher = {IEEE},
	title = {{How to make a multiprocessor computer that correctly executes multiprocess programs}},
	volume = {100},
	year = {1979}
}

@article{shavit1996diffracting,
	author = {Shavit, Nir and Zemach, Asaph},
	journal = {ACM Transactions on Computer Systems (TOCS)},
	number = {4},
	pages = {385--428},
	publisher = {ACM},
	title = {{Diffracting trees}},
	volume = {14},
	year = {1996}
}

@article{nageshwara1988concurrent,
	author = {Nageshwara, RV and Kumar, Vipin},
	journal = {IEEE Transactions on Computers (TC)},
	number = {12},
	pages = {1657--1665},
	publisher = {IEEE},
	title = {{Concurrent access of priority queues}},
	volume = {37},
	year = {1988}
}

@inproceedings{ayani1990lr,
	author = {Ayani, Rassul},
	booktitle = {{Proceedings of the 2nd International Symposium on Parallel and Distributed Processing (IPDPS)}},
	organization = {IEEE},
	pages = {22--25},
	title = {{LR-algorithm: concurrent operations on priority queues}},
	year = {1990}
}

@article{yan1998lock,
	author = {Yan, Yong and Zhang, Xiaodong},
	journal = {Journal of Experimental Algorithmics (JEA)},
	pages = {3},
	publisher = {ACM},
	title = {{Lock bypassing: An efficient algorithm for concurrently accessing priority heaps}},
	volume = {3},
	year = {1998}
}

@phdthesis{fraser2004practical,
	author = {Fraser, Keir},
	school = {PhD thesis, Cambridge University Computer Laboratory, 2003. Also available as Technical Report UCAM-CL-TR-579},
	title = {{Practical lock-freedom}},
	year = {2004}
}

@techreport{pugh1998concurrent,
	author = {Pugh, William},
	title = {{Concurrent maintenance of skip lists}},
	year = {1998}
}

@article{wimmer2013data,
	author = {Wimmer, Martin and Cederman, Daniel and Versaci, Francesco and Tr\"{a}ff, Jesper Larsson and Tsigas, Philippas},
	journal = {arXiv preprint arXiv:1312.2501},
	title = {{Data Structures for Task-based Priority Scheduling}},
	year = {2013}
}

@phdthesis{valois1996lock,
	author = {Valois, John David},
	publisher = {Rensselaer Polytechnic Institute},
	title = {{Lock-free data structures}},
	year = {1996}
}

@techreport{kirsch2012fast,
	author = {Kirsch, Christoph M and Lippautz, Michael and Payer, Hannes},
	institution = {2012-04, Department of Computer Sciences, University of Salzburg},
	title = {{Fast and scalable k-fifo queues}},
	year = {2012}
}

@inproceedings{kogan2012methodology,
	author = {Kogan, Alex and Petrank, Erez},
	booktitle = {{ACM SIGPLAN Notices}},
	number = {8},
	organization = {ACM},
	pages = {141--150},
	title = {{A methodology for creating fast wait-free data structures}},
	volume = {47},
	year = {2012}
}

@incollection{israeli1993efficient,
	author = {Israeli, Amos and Rappoport, Lihu},
	booktitle = {{Distributed Algorithms}},
	pages = {1--17},
	publisher = {Springer},
	title = {{Efficient wait-free implementation of a concurrent priority queue}},
	year = {1993}
}

@phdthesis{greenwald1999non,
	author = {Greenwald, Michael Barry},
	school = {Stanford University},
	title = {{Non-blocking synchronization and system design}},
	year = {1999}
}

@article{sanders1998randomized,
	author = {Sanders, Peter},
	journal = {Journal of Parallel and Distributed Computing},
	number = {1},
	pages = {86--97},
	publisher = {Elsevier},
	title = {{Randomized priority queues for fast parallel access}},
	volume = {49},
	year = {1998}
}

@article{karp1993randomized,
	author = {Karp, Richard M and Zhang, Yanjun},
	journal = {Journal of the ACM (JACM)},
	number = {3},
	pages = {765--789},
	publisher = {ACM},
	title = {{Randomized parallel algorithms for backtrack search and branch-and-bound computation}},
	volume = {40},
	year = {1993}
}

@techreport{biswas1987simultaneous,
	author = {Biswas, Jit and Browne, James C},
	institution = {Texas Univ., Austin (USA). Dept. of Computer Sciences},
	title = {{Simultaneous update of priority structures}},
	year = {1987}
}

@article{deo1992parallel,
	author = {Deo, Narsingh and Prasad, Sushil},
	journal = {The Journal of Supercomputing},
	number = {1},
	pages = {87--98},
	publisher = {Springer},
	title = {{Parallel heap: An optimal parallel priority queue}},
	volume = {6},
	year = {1992}
}

@inproceedings{huang1991evaluation,
	author = {Huang, Qin and Weihl, WW},
	booktitle = {{Proceedings of the 3rd International Symposium on Parallel and Distributed Processing (IPDPS)}},
	organization = {IEEE},
	pages = {518--525},
	title = {{An evaluation of concurrent priority queue algorithms}},
	year = {1991}
}

@article{luchetti1993some,
	author = {Luchetti, Carlo and Pinotti, M Cristina},
	journal = {Information processing letters},
	number = {3},
	pages = {145--148},
	publisher = {Elsevier},
	title = {{Some comments on building heaps in parallel}},
	volume = {47},
	year = {1993}
}

@article{mans1998portable,
	author = {Mans, Bernard},
	journal = {Concurrency: Practice and Experience},
	number = {3},
	pages = {175--198},
	publisher = {Wiley Online Library},
	title = {{Portable distributed priority queues with MPI}},
	volume = {10},
	year = {1998}
}

@article{olariu1991optimal,
	author = {Olariu, Stephan and Wen, Zhaofang},
	journal = {IEEE Transactions on Parallel and Distributed Systems (TPDS)},
	number = {4},
	pages = {423--429},
	publisher = {IEEE},
	title = {{Optimal parallel initialization algorithms for a class of priority queues}},
	volume = {2},
	year = {1991}
}

@inproceedings{das1996distributed,
	author = {Das, Sajal K and Sarkar, Falguni and Pinotti, M Cristina},
	booktitle = {{Proceedings of the 16th International Conference on Distributed Computing Systems (ICDCS)}},
	organization = {IEEE},
	pages = {620--627},
	title = {{Distributed priority queues on hypercube architectures}},
	year = {1996}
}

@inproceedings{prasad1995parallel,
	author = {Prasad, Sushil K and Sawant, Sagar I},
	booktitle = {{Proceedings of the 7th International Symposium on Parallel and Distributed Processing (IPDPS)}},
	organization = {IEEE},
	pages = {328--335},
	title = {{Parallel heap: A practical priority queue for fine-to-medium-grained applications on small multiprocessors}},
	year = {1995}
}

@book{boyar1994chromatic,
	author = {Boyar, Joan and Fagerberg, Rolf and Larsen, Kim S},
	publisher = {Citeseer},
	title = {{Chromatic priority queues}},
	year = {1994}
}

@article{shavit2011data,
	author = {Shavit, Nir},
	journal = {Communications of the ACM},
	number = {3},
	pages = {76--84},
	publisher = {ACM},
	title = {{Data structures in the multicore age}},
	volume = {54},
	year = {2011}
}

@inproceedings{kirsch2012incorrect,
	author = {Kirsch, Christoph M and Payer, Hannes},
	booktitle = {{Proceedings of the 49th Annual Design Automation Conference (DAC)}},
	organization = {ACM},
	pages = {913--917},
	title = {{Incorrect systems: it's not the problem, it's the solution}},
	year = {2012}
}

@techreport{johnson1991highly,
	author = {Johnson, Theodore},
	institution = {MR 1311488},
	title = {{A Highly Concurrent Priority Queue Based on the B-link Tree}},
	year = {1991}
}

@inproceedings{wimmer2013wait,
	author = {Wimmer, Martin},
	booktitle = {{Proceedings of the 27th International Symposion on Parallel \& Distributed Processing (IPDPS)}},
	organization = {IEEE},
	pages = {803--812},
	title = {{Wait-free hyperobjects for task-parallel programming systems}},
	year = {2013}
}

@phdthesis{cbpq,
	author = {Braginsky, Anastasia},
	title = {{Multi-Threaded Coordination Methods for Constructing Non-blocking Data Structures}},
	year = {2015}
}

@incollection{afek2010quasi,
	author = {Afek, Yehuda and Korland, Guy and Yanovsky, Eitan},
	booktitle = {{Principles of Distributed Systems}},
	pages = {395--410},
	publisher = {Springer},
	title = {{Quasi-linearizability: Relaxed consistency for improved concurrency}},
	year = {2010}
}

@article{o1996log,
	author = {O{\rq}Neil, Patrick and Cheng, Edward and Gawlick, Dieter and O{\rq}Neil, Elizabeth},
	journal = {Acta Informatica},
	number = {4},
	pages = {351--385},
	publisher = {Springer},
	title = {{The log-structured merge-tree (LSM-tree)}},
	volume = {33},
	year = {1996}
}

@article{richa2001power,
	author = {Richa, Andrea W and Mitzenmacher, M and Sitaraman, R},
	journal = {Combinatorial Optimization},
	pages = {255--304},
	title = {{The power of two random choices: A survey of techniques and results}},
	volume = {9},
	year = {2001}
}

@incollection{braginsky2011locality,
	author = {Braginsky, Anastasia and Petrank, Erez},
	booktitle = {{Distributed Computing and Networking}},
	pages = {107--118},
	publisher = {Springer},
	title = {{Locality-conscious lock-free linked lists}},
	year = {2011}
}

@inproceedings{braginsky2013drop,
	author = {Braginsky, Anastasia and Kogan, Alex and Petrank, Erez},
	booktitle = {{Proceedings of the twenty-fifth annual ACM symposium on Parallelism in algorithms and architectures}},
	organization = {ACM},
	pages = {33--42},
	title = {{Drop the anchor: lightweight memory management for non-blocking data structures}},
	year = {2013}
}

@phdthesis{wimmerphd,
	author = {Wimmer, Martin},
	organization = {Vienna University of Technology},
	title = {{Variations on Task Scheduling for Shared Memory Systems}},
	year = {2014}
}

@article{dijkstra1959note,
	author = {Dijkstra, Edsger W},
	journal = {Numerische mathematik},
	number = {1},
	pages = {269--271},
	publisher = {Springer},
	title = {{A note on two problems in connexion with graphs}},
	volume = {1},
	year = {1959}
}

@techreport{adelsonvelskii1963algorithm,
	author = {AdelsonVelskii, M and Landis, Evgenii Mikhailovich},
	institution = {DTIC Document},
	title = {{An algorithm for the organization of information}},
	year = {1963}
}

@article{fredman1987fibonacci,
	author = {Fredman, Michael L and Tarjan, Robert Endre},
	journal = {Journal of the ACM (JACM)},
	number = {3},
	pages = {596--615},
	publisher = {ACM},
	title = {{Fibonacci heaps and their uses in improved network optimization algorithms}},
	volume = {34},
	year = {1987}
}

@article{driscoll1988relaxed,
	author = {Driscoll, James R and Gabow, Harold N and Shrairman, Ruth and Tarjan, Robert E},
	journal = {Communications of the ACM},
	number = {11},
	pages = {1343--1354},
	publisher = {ACM},
	title = {{Relaxed heaps: An alternative to Fibonacci heaps with applications to parallel computation}},
	volume = {31},
	year = {1988}
}

@inproceedings{brodal2012strict,
	author = {Brodal, Gerth St{\o}lting and Lagogiannis, George and Tarjan, Robert E},
	booktitle = {{Proceedings of the forty-fourth annual ACM symposium on Theory of computing}},
	organization = {ACM},
	pages = {1177--1184},
	title = {{Strict fibonacci heaps}},
	year = {2012}
}

@article{sleator1986self,
	author = {Sleator, Daniel Dominic and Tarjan, Robert Endre},
	journal = {SIAM Journal on Computing},
	number = {1},
	pages = {52--69},
	publisher = {SIAM},
	title = {{Self-adjusting heaps}},
	volume = {15},
	year = {1986}
}

@article{herlihy1991wait,
	author = {Herlihy, Maurice},
	journal = {ACM Transactions on Programming Languages and Systems (TOPLAS)},
	number = {1},
	pages = {124--149},
	publisher = {ACM},
	title = {{Wait-free synchronization}},
	volume = {13},
	year = {1991}
}

@article{brown1988calendar,
	author = {Brown, Randy},
	journal = {Communications of the ACM},
	number = {10},
	pages = {1220--1227},
	publisher = {ACM},
	title = {{Calendar queues: a fast 0 (1) priority queue implementation for the simulation event set problem}},
	volume = {31},
	year = {1988}
}

@article{sleator1985self,
	author = {Sleator, Daniel Dominic and Tarjan, Robert Endre},
	journal = {Journal of the ACM (JACM)},
	number = {3},
	pages = {652--686},
	publisher = {ACM},
	title = {{Self-adjusting binary search trees}},
	volume = {32},
	year = {1985}
}

@article{fredman1986pairing,
	author = {Fredman, Michael L and Sedgewick, Robert and Sleator, Daniel D and Tarjan, Robert E},
	journal = {Algorithmica},
	number = {1-4},
	pages = {111--129},
	publisher = {Springer},
	title = {{The pairing heap: A new form of self-adjusting heap}},
	volume = {1},
	year = {1986}
}

@article{vuillemin1978data,
	author = {Vuillemin, Jean},
	journal = {Communications of the ACM},
	number = {4},
	pages = {309--315},
	publisher = {ACM},
	title = {{A data structure for manipulating priority queues}},
	volume = {21},
	year = {1978}
}

@article{ronngren1997comparative,
	author = {R\"{o}nngren, Robert and Ayani, Rassul},
	journal = {ACM Transactions on Modeling and Computer Simulation (TOMACS)},
	number = {2},
	pages = {157--209},
	publisher = {ACM},
	title = {{A comparative study of parallel and sequential priority queue algorithms}},
	volume = {7},
	year = {1997}
}

@article{jones1986empirical,
	author = {Jones, Douglas W},
	journal = {Communications of the ACM},
	number = {4},
	pages = {300--311},
	publisher = {ACM},
	title = {{An empirical comparison of priority-queue and event-set implementations}},
	volume = {29},
	year = {1986}
}

@inproceedings{Thorup:2002:EPQ:645413.652157,
	acmid = {652157},
	address = {Washington, DC, USA},
	author = {Thorup, Mikkel},
	booktitle = {{Proceedings of the 43rd Symposium on Foundations of Computer Science}},
	isbn = {0-7695-1822-2},
	numpages = {10},
	pages = {125--134},
	publisher = {IEEE Computer Society},
	series = {{FOCS '02}},
	title = {{Equivalence Between Priority Queues and Sorting}},
	url = {http://dl.acm.org/citation.cfm?id=645413.652157},
	year = {2002}
}

@book{hunt2000pragmatic,
	author = {Hunt, Andrew and Thomas, David},
	publisher = {Addison-Wesley Professional},
	title = {{The pragmatic programmer: from journeyman to master}},
	year = {2000}
}

@article{michael2004aba,
	author = {Michael, Maged M},
	journal = {IBM Research Division, RC23089 (W0401-136), Tech. Rep},
	title = {{ABA prevention using single-word instructions}},
	year = {2004}
}

@misc{c++11std,
	author = {ISO/IEC},
	institution = {International Organization for Standardization (ISO)},
	journal = {Retrieved from https://isocpp.org/std/the-standard},
	location = {Geneva, Switzerland},
	title = {{ISO International Standard ISO/IEC 14882:2014(E) -- Programming Language C++}},
	year = {2014}
}

@book{butenhof1997programming,
	author = {Butenhof, David R},
	publisher = {Addison-Wesley Professional},
	title = {{Programming with POSIX threads}},
	year = {1997}
}

@incollection{harris2002practical,
	author = {Harris, Timothy L and Fraser, Keir and Pratt, Ian A},
	booktitle = {{Distributed Computing}},
	pages = {265--279},
	publisher = {Springer},
	title = {{A practical multi-word compare-and-swap operation}},
	year = {2002}
}

